% use `texdoc biblatex` to get help
@www{zjuthesisrules,
    title = {浙江大学本科生毕业论文（设计）编写规则},
    author = {浙江大学本科生院},
    year = {2018},
    url = {http://bksy.zju.edu.cn/attachments/2018-01/01-1517384518-1149149.pdf},
}
@www{tikz,
    title = {tikz宏包},
    author = {Till Tantau},
    year = {2018},
    url = {https://sourceforge.net/projects/pgf/},
}
@www{zjuthesis,
    title = {浙江大学毕业设计/论文模板},
    author = {王子轩},
    year = {2019},
    url = {https://github.com/TheNetAdmin/zjuthesis},
}
@www{zjugradthesisrules,
    title = {浙江大学研究生学位论文编写规则},
    author = {浙江大学研究生院},
    year = {2008},
    url = {http://grs.zju.edu.cn/redir.php?catalog_id=10038&object_id=12877},
}

@article{1,
author = {吴宝明 and 朱凌云 and 卓豫 and  朱新建 and 闫庆广 and 冯正权  and 黄华},
title = {远程心电监护系统及动态心电信号自动分析的研究进展},
journal = {中国医疗器械杂志},
volume = {30},
number = {5},
pages = {352-358},
year = {2006}
}
@article{2,
author = {严春美 and 吕晓荣 and 许云红},
title = {移动医疗服务技术研究进展与发展前景},
journal = {传感器与微系统},
volume = {32},
number = {2},
pages = {1-4},
year = {2013}
}
@www{3,
    title = {智能手机 APP 变身移动医疗市场“弄潮儿”},
    author = {中国数字医疗网},
    year = {2014},
    url = {http://news.hc3i.cn/art/201107/14880.html},
}
@www{4,
    title = {Android 的平台架构及特性},
    author = {已佚},
    year = {2014},
    url = {http://www.admin10000.com/Document/177.html},
}
@www{5,
    title = {安卓系统的特点},
    author = {已佚},
    year = {2014},
    url = {http://www.hiapk.com.cn/androidnews/html/1184.html},
}
@www{6,
    title = {Android 四大组件},
    author = {已佚},
    year = {2014},
    url = {http://blog.sina.com.cn/s/blog_a754c8290101ea1i.html},
}
@www{7,
    title = {面向开发者的Android},
    author = {Google},
    year = {2014},
    url = {http://developer.android.com/index.html},
}
@book{8,
author         = {余学飞},
title          = {医学电子仪器与设计},
address        = {广州},
publisher      = {华南理工大学出版社},
year           = {2000}
}
@book{9,
author         = {郭鸿继},
title          = {心电学进展},
address        = {北京},
publisher      = {北京医科大学出版社},
year           = {2002}
}
@article{10,
author = {宋喜国 and 邓亲恺},
title = {MIT-BIH 心率失常数据库的识读及应用},
journal = {中国医学物理学杂志},
volume = {21},
number = {4},
pages = {230-232},
year = {2004}
}
@phdthesis{11,
author  = {苏丽},
title   = {远程心电监护诊断系统心电信号处理方法研究},
school  = {哈尔滨工程大学},
year    = {2006}
}
@article{12,
author = {Nitish V. Thakor and John G. Webster and Willis J. Tompkins},
title = {Estimation of QRS Complex Power Spectra for Design of a QRS Filter},
journal = {IEEE Transations on Biomedical Engineering},
volume = {31},
number = {11},
pages = {702-706},
year = {1984}
}
@article{13,
author = {肖咏梅 and 陈杭},
title = {心电自动分析技术},
journal = {生物医学工程学杂志},
volume = {17},
number = {3},
pages = {339-342},
year = {2000}
}
@article{14,
author = {武永成 and 杨玉星},
title = {一种适于实时滤除 ECG 工频干扰新方法},
journal = {中国医疗器械杂志},
volume = {23},
number = {3},
pages = {145-148},
year = {1999}
}
@phdthesis{15,
author  = {李岱熹},
title   = {心电信号自动分析检测技术研究},
school  = {大连理工大学},
year    = {2012}
}
@book{16,
author         = {胡广书},
title          = {数字信号处理理论算法与实现（第二版）},
address        = {北京},
publisher      = {清华大学出版社},
year           = {2003}
}
@article{17,
author = {David L Donoho and Iain M Johnstone},
title = {Ideal Spatial Adaption via Wavelet shrinkage},
journal = {Biometrika},
volume = {81},
number = {12},
pages = {425-455},
year = {1994}
}
@inproceedings{18,
author = {Qi Haibing and Liu Xiongfei and Pan Chao},
title = {A Method of Continuous Wavelet Transform forQRS Wave Detection in ECG Signal},
booktitle = { 2010 International Conference on Intelligent Computation Technology and Automation},
publisher = {IEEE},
year = {2010},
pages = {22-25},
location = {Changsha, China},
}
@article{19,
author = {蔡坤 and 陆尧胜},
title = {基于中值滤波的心电基线校正方法的研究},
journal = {医疗设备信息},
volume = {19},
number = {2},
pages = {5-7},
year = {2004}
}
@article{20,
author = {朱冰莲 and 潘哲明 and 李单单},
title = {一种中值滤波的快速算法},
journal = {信号处理},
volume = {24},
number = {2},
pages = {684-686},
year = {2008}
}
@inproceedings{21,
author = {Jiyin Zhao and Min Li and Weiwei Zhang and Ruirui Zheng},
title = {ECG Signal Adaptive Filtering and QRS Complex Detecting Method},
booktitle = {2010 3rd International Conference on Biomedical Engineering and Informatics},
publisher = {IEEE},
year = {2010},
pages = {869-872},
location = {Yantai, China},
}
@phdthesis{22,
author  = {张超},
title   = {心脏疾病计算机辅助诊断中若干问题研究},
school  = {大连理工大学},
year    = {2013}
}
@article{23,
author = {Goran Devedžić and Kragujevac Serbia},
title = {Predicting pre-eclampsia: 100 years of trying and failing},
journal = {BJOG: An International Journal of Obstetrics and Gynaecology},
volume = {123},
number = {7},
pages = {1066-1066},
year = {2016}
}
@phdthesis{24,
author  = {何海琴},
title   = {基于智能手机平台的心音预诊系统的设计与实现},
school  = {南京邮电大学},
year    = {2012}
}
@phdthesis{25,
author  = {毕婷婷},
title   = {基于 Android 的心电信号分析系统研究},
school  = {南京邮电大学},
year    = {2013}
}
@phdthesis{26,
author  = {范晨灿},
title   = {基于蓝牙 4.0 传输的 Android 手机心电监护系统},
school  = {浙江大学},
year    = {2013}
}
@www{27,
    title = {Canavs and Drawable},
    author = {Google},
    year = {2014},
    url = {http://developer.android.com/guide/topics/graphics/2d-graphics.html},
}